4688 5776
1081 379 1298 444 „20-

284 591 403 638 essem«
429 572 541 636 lrurzer
564 571 727 636 Ausdruclr
749 572 800 636 fiir
825 570 964 636 »utinam
999 588 1059 634 nou
1080 568 1155 634 talis
1189 567 1289 634 nuntii
1313 572 1423 634 auctor
1456 585 1590 646 essemr,
1624 569 1682 634 wie
1716 567 1822 652 gleich
1855 569 1899 633 im
1933 569 2100 652 folgenden
2135 651 2136 656 ἵ

286 676 383 740 Verso
411 676 550 740 »nostros
576 675 716 741 dolores«
743 675 794 740 fer
819 677 978 740 »anderes
995 672 1093 740 nostri
1113 671 1258 742 doloris«,
1304 670 1507 738 Soheukelius
1520 671 1544 754 ¹)
1568 673 1672 738 locum
1687 673 1781 756 Vorg.
1798 674 1876 740 Aen.
1892 672 1940 738 XI
1958 672 2022 738 896
2036 691 2099 756 sq.:

286 778 427 844 »interea
442 779 582 844 Turnum
597 778 629 844 in
646 779 734 844 silvis
749 776 948 844 saevissimus
959 777 1274 861 implet-nuntius«,
1291 795 1354 842 non
1369 779 1452 842 recte
1468 775 1666 842 intellectum
1681 776 1773 842 huius
1788 776 1959 860 scripturae
1975 795 2099 842 causam

282 882 380 948 fuisse
403 884 503 965 putat.

437 986 596 1070 Singulari
619 986 713 1051 modo
736 985 878 1050 Valerius
901 984 950 1049 his
972 983 1104 1050 verbis
1127 985 1240 1050 utitur:

435 1113 558 1153 carnaea
583 1112 689 1174 opere:
713 1090 729 1152 I
752 1089 814 1153 814
836 1092 868 1154 et
891 1089 936 1152 lv
958 1089 1009 1166 87,
1033 1089 1053 1152 i.
1079 1108 1105 1152 θ.
1130 1106 1255 1154 carmen
1279 1089 1382 1154 dicere
1406 1091 1455 1154 vel
1479 1107 1599 1155 canere.

434 1192 579 1257 condere:
614 1193 645 1256 Il
674 1191 738 1255 442
761 1210 821 1274 sq.:
856 1191 1102 1256 urbes-navita
1134 1191 1297 1258 condebat.
1353 1191 1443 1259 Idem
1476 1192 1606 1257 verbum
1641 1189 1791 1257 condendi
1825 1189 1985 1256 sententia
2019 1208 2097 1272 quae

279 1296 395 1361 dicitur
417 1295 602 1379 praegnanti
626 1297 807 1376 usurpatum
835 1314 891 1378 pro
918 1295 1083 1359 »amittere
1107 1313 1143 1358 or
1167 1294 1281 1360 oculis«
1308 1299 1354 1378 (=
1378 1293 1603 1382 o‘rroxpo'rccerv
1625 1298 1695 1383 γῆν)
1726 1295 1883 1361 iuvenitur
1910 1295 1954 1359 lv
1977 1294 2041 1359 636
2064 1296 2098 1359 66

280 1400 308 1465 V
334 1399 404 1466 106.
429 1399 483 1466 afr.
508 1399 602 1484 Vorg.
627 1401 706 1465 Aen.
732 1399 879 1463 111291:
903 1398 1046 1480 protinus
1069 1398 1168 1462 adrias
1190 1399 1367 1465 Phaeacum
1391 1398 1611 1464 abscondimus
1634 1415 1730 1464 arces.

435 1515 592 1588 expetere:
616 1502 644 1565 V
666 1502 744 1566 577:
769 1502 894 1584 expetit
915 1501 1091 1568 Aesonides
1114 1503 1146 1566 et
1169 1502 1287 1566 amicos
1309 1503 1416 1569 ordine
1438 1521 1539 1586 reges,
1563 1502 1583 1570 i.
1605 1521 1631 1566 e.
1655 1502 1736 1583 petit
1758 1501 1798 1567 ab
1815 1502 1924 1576 Aeeta,
1947 1502 1984 1566 ut
2005 1519 2097 1584 reges

277 1608 448 1672 eurrmeret.
1157 1653 1160 1660 .

433 1711 609 1776 maculare:
633 1711 677 1775 IV
693 1710 773 1777 369:
798 1710 885 1794 Lyda
907 1727 1001 1774 nurus
1025 1727 1133 1790 sparso
1156 1707 1236 1773 telas
1260 1706 1465 1773 maculaverit
1488 1713 1580 1776 ostro.
1619 1709 1664 1773 Vl
1689 1709 1752 1774 704
1767 1726 1832 1790 sq.:
1854 1725 1973 1791 perque
1996 1706 2096 1773 levem

277 1816 310 1882 et
332 1815 432 1881 multo
454 1815 644 1880 maculatam
677 1814 794 1878 murice
822 1811 1111 1897 tigrin—concita
1141 1810 1242 1895 cuspis
1272 1811 1349 1877 abit.
1395 1811 1484 1878 Locis
1511 1813 1618 1878 allatis
1647 1812 1774 1878 verbum
1803 1810 1993 1888 maculandi,
2023 1811 2045 1874 i.
2068 1829 2096 1875 e.

276 1919 403 1982 macula
425 1917 560 1994 allicere,
583 1917 756 2001 inquinare,
779 1917 932 1999 polluere,
956 1913 1093 1993 foedare,
1117 1914 1276 1980 aValerio
1299 1914 1345 1980 ita
1367 1915 1544 1992 adhibetur,
1567 1919 1603 1980 66
1625 1916 1680 1981 sit:
1705 1934 1762 1997 per
1784 1913 1950 1980 intervalla
1971 1914 2095 1998 tingere

277 2023 310 2086 et
334 2022 421 2105 quasi
445 2021 582 2086 maculas
605 2021 731 2086 ornatus
755 2036 848 2084 causa
871 2019 1067 2101 adspergere.
1092 2017 1147 2086 cfr.
1172 2017 1263 2102 Vorg.
1286 2016 1366 2084 Aen.
1388 2018 1405 2081 I
1428 2018 1509 2082 323:
1533 2019 1710 2083 maculosae
1733 2017 1875 2101 tegmina
1897 2016 2007 2100 lyncis.

428 2123 690 2210 praefatae-rare:
714 2124 763 2189 III
788 2123 868 2187 119:
901 2122 968 2186 vias
990 2121 1209 2204 praefulgurat
1230 2140 1313 2197 ense,
1347 2121 1368 2186 i.
1393 2140 1419 2188 e.
1445 2121 1567 2204 fulgore
1590 2122 1657 2188 vias
1680 2121 1791 2204 implet
1822 2120 1965 2185 strictum
1988 2139 2091 2186 ensem

276 2227 434 2294 vibrando.
490 2227 627 2292 Verbum
660 2225 913 2308 praefulgurandi
948 2225 1181 2291 intransitivum
1216 2228 1265 2291 est
1295 2225 1374 2292 Stat.
1400 2225 1498 2293 Theb.
1522 2227 1583 2291 Vll
1612 2227 1674 2292 501
1700 2245 1762 2308 sq.:
1796 2225 1891 2307 longe
1924 2227 1977 2289 tua
2009 2224 2091 2288 iussa

277 2332 656 2412 cohortes-exspectant,
680 2329 840 2413 multoque
862 2329 944 2394 latus
968 2329 1182 2412 praefulgurat
1204 2348 1288 2395 ense.

432 2447 594 2497 auocare.-
621 2433 648 2497 V
652 2435 665 2498 l
688 2434 769 2498 568:
793 2451 850 2498 nec
866 2434 898 2496 iu
915 2431 1020 2499 medio
1037 2435 1234 2498 truncantem
1258 2452 1413 2498 marmore
1429 2451 1545 2512 cervos,
1562 2434 1614 2498 ubi
1635 2437 1816 2500 ›truncare‹
1835 2433 1920 2498 idem
1937 2432 2090 2516 siguificat

276 2537 361 2621 quod
386 2537 611 2604 »interlicere«.

430 2639 620 2704 reclamare:
645 2642 845 2724 111596sq.:
869 2659 973 2706 66666
985 2639 1088 2725 Hylan
1101 2642 1134 2705 66
1148 2659 1253 2706 rursus
1265 2641 1367 2724 Hylan
1385 2641 1545 2724 perlonga
1556 2642 1707 2706 reclamat
1723 2640 1801 2708 avia.
1826 2643 1852 2707 l.
1866 2641 1903 2706 A.
1921 2641 2092 2722 Wagnerus

274 2745 430 2827 explicat:
464 2745 610 2823 »clamat
632 2747 667 2810 ut
688 2745 729 2808 ad
753 2765 785 2810 se
808 2745 948 2823 redeat«,
980 2746 1012 2809 66
1034 2746 1246 2812 Burmannus:
1283 2763 1395 2827 »saepe
1425 2745 1561 2828 repetito
1593 2745 1729 2810 clamore
1753 2747 1844 2810 vocat
1867 2745 1899 2808 et
1928 2743 2092 2808 clamando

273 2851 402 2916 iterat«,
449 2849 526 2913 Vlll
553 2850 614 2914 173
649 2867 711 2931 sq.:
747 2848 906 2914 dominam
928 2848 1104 2914 reclamant
1124 2848 1261 2915 nomine.

424 2950 579 3038 peredere.-
602 2953 617 3016 Ι
641 2953 704 3017 446
727 2971 790 3032 sq.:
815 2951 878 3016 tuis
901 2969 973 3016 uam
996 2951 1106 3035 pendit
1139 2952 1172 3016 in
1204 2953 1287 3017 arvis
1311 2989 1352 3000 -
1376 2951 1494 3027 Deliae,
1531 2971 1588 3034 quo
1610 2951 1679 3016 loco
1702 2951 1831 3016 verbum
1859 2950 2004 3032 ›pendit‹
2030 2951 2085 3014 ab·

274 3057 376 3122 solute
399 3058 581 3136 usurpatum
604 3054 688 3118 idem
705 3054 863 3138 signifieat
886 3055 967 3138 quod
993 3073 1129 3138 »poenas
1144 3056 1253 3137 pendit
1274 3056 1391 3140 (=dat,
1415 3055 1519 3137 luit).‹
1568 3053 1669 3135 Quam
1693 3055 1733 3120 ob
1757 3072 1823 3119 rem
1847 3054 1906 3118 viri
1923 3052 2010 3118 docti
2032 3053 2086 3116 alii

274 3158 371 3223 aliam
394 3159 607 3224 coniecturam
637 3161 873 3240 proposuerunt.
921 3159 971 3225 Fr.
995 3159 1290 3242 Eyssenhardtius2)
1316 3159 1409 3224 dicit:
1437 3159 1563 3242 »pendit
1585 3158 1661 3242 quid
1682 3159 1735 3236 eit,
1759 3177 1851 3223 nemo
1874 3157 1969 3222 facile
1993 3158 2086 3224 dicat.

275 3259 363 3341 Quod
388 3261 471 3326 euim
496 3263 656 3344 explicant
678 3262 888 3326 dictum'esse
912 3281 969 3344 pro
988 3281 1123 3344 »poenas
1138 3263 1282 3345 pendit«,
1305 3262 1434 3328 concedi
1458 3283 1521 3328 nou
1536 3263 1642 3345 potest
1663 3261 1737 3326 talis
1754 3261 1887 3344 ellipsis:
1909 3263 1979 3326 tum
2003 3261 2088 3326 cuim

275 3365 382 3429 omnia
404 3365 505 3430 audiri
528 3367 659 3447 possunt
681 3367 723 3442 et,
747 3364 780 3429 ui
804 3366 907 3442 fallor,
932 3365 1035 3430 nullus
1057 3367 1152 3448 66666
1186 3367 1303 3431 latinus
1325 3385 1463 3449 unquam
1491 3367 1550 3431 hac
1572 3365 1672 3449 figura
1698 3366 1743 3431 ita
1766 3366 1878 3430 abusus
1902 3367 1978 3430 est«
2026 3364 2088 3430 Sed

272 3468 564 3552 Eyssenhardtium,
587 3469 641 3552 qui
668 3469 806 3550 »pascite
833 3469 1033 3534 scribendum
1058 3487 1124 3534 esse
1148 3469 1352 3547 iudicaverat,
1376 3471 1408 3534 in
1419 3468 1504 3534 idem
1529 3468 1651 3548 vitium,
1675 3469 1755 3551 quod
1766 3468 1984 3549 vituperasset,
2007 3467 2090 3532 inci-

275 3570 360 3636 disse
383 3571 557 3654 Kochins³t
580 3575 666 3638 recte
690 3570 805 3650 docuit,
829 3591 899 3636 6666
921 3573 1025 3655 ipsum
1049 3573 1178 3638 verbum
1202 3573 1351 3653 pascendi
1386 3574 1544 3639 obiectum
1569 3572 1732 3638 desideret.
1778 3569 1877 3651 Quam
1900 3573 1939 3638 ob
1962 3589 2088 3636 caueam

274 3674 329 3739 bic
358 3675 407 3739 vir
437 3676 547 3741 doctus
580 3675 649 3740 coll.
674 3675 1182 3743 Stat.Theb.V1375rerbum
1209 3677 1341 3742 »servit«
1373 3676 1543 3760 proposuit.
1589 3676 1645 3743 Ph.
1670 3676 1874 3760 Wagnerus⁴t
1899 3675 1969 3742 coll.
1995 3675 2087 3759 Vorg.

273 3780 355 3845 Aen.
379 3780 423 3844 Vl
450 3783 508 3844 lc'rl
535 3781 665 3844 uerbum
695 3779 847 3860 ›pendet‹
867 3779 1015 3862 praefert.
1053 3778 1114 3845 Sed
1138 3779 1205 3843 iure
1221 3780 1427 3858 Burmannus,
1444 3778 1578 3857 Thilo⁵t
1603 3778 1854 3860 Scbeukeliusss),
1878 3779 2087 3844 Baehreusius

273 3881 445 3947 lectionem
468 3883 617 3948 traditam
646 3882 793 3964 ›pendit‹
827 3902 889 3948 uon
924 3883 1166 3962 moraremur),
1213 3883 1295 3967 quod
1329 3886 1423 3965 poeta
1458 3883 1575 3948 ferulae
1610 3883 1705 3948 rerba
1739 3902 1799 3947 uon
1833 3883 1956 3949 subicit.
2002 3881 2087 3947 Talis

275 3985 405 4050 audacia
427 3985 556 4050 minime
591 4005 610 4048 a
641 3985 865 4051 consuetudine
889 3985 1052 4051 Valeriana
1085 3988 1241 4066 abhorret,
1276 3987 1330 4052 sed
1355 3988 1448 4070 plane
1471 4006 1506 4052 ex
1529 4005 1585 4051 usu
1609 3988 1673 4052 eius
1697 3989 1754 4052 est.
1794 3986 2087 4069 66.Ι1141166.;

272 4089 470 4154 6666666166
495 4089 619 4170 culpam
644 4125 683 4135 -
708 4089 859 4154 saevitiae
883 4090 1075 4154 scelerumve
1098 4091 1178 4155 mihi
1213 4108 1293 4154 nunc
1329 4091 1460 4154 crimina
1491 4090 1597 4172 pendi,
1632 4091 1651 4157 i.
1677 4110 1703 4157 6.
1740 4108 1796 4154 666
1828 4091 1946 4155 credite
1969 4108 2086 4173 poenas

272 4211 328 4274 pro
354 4191 445 4273 culpa
467 4191 618 4256 saevitiae
640 4192 745 4273 pendi.
1509 4187 1514 4204 '

430 4365 448 4425 ¹)
467 4369 609 4418 comment.
628 4380 706 4434 supra
724 4364 808 4419 laud:
830 4363 960 4418 »Studien
977 4371 1043 4421 eto«
1064 4381 1091 4434 p.
1111 4365 1171 4419 273.

429 4449 485 4514 Β61.
506 4450 523 4502 l.
541 4467 569 4518 p.
588 4450 647 4502 363.

429 4537 450 4598 ³)
468 4535 553 4589 Musei
570 4535 656 4589 Rheu.
676 4536 725 4588 rel.
744 4535 835 4589 XVlll
854 4553 880 4605 p.
901 4539 958 4593 163.

429 4623 449 4680 ‘r
467 4620 602 4690 Philologi
622 4621 674 4675 vol.
692 4621 741 4675 XX
759 4639 784 4691 p.
803 4623 862 4676 626.

427 4707 449 4774 ⁶)
467 4705 534 4777 prol.
553 4725 579 4776 p.
598 4707 728 4762 LXXXVI
747 4725 787 4776 66.

428 4795 449 4863 ⁶)
468 4813 493 4864 p.
511 4796 562 4847 364
583 4796 818 4850 commentationis
836 4812 916 4864 supra
930 4795 1066 4851 laudatae:
1087 4798 1216 4860 »Studien
1230 4803 1306 4863 etc.,‹
1327 4813 1378 4866 quo
1390 4796 1450 4851 loco
1464 4796 1621 4850 Graecorum
1633 4795 1741 4850 verbum
1762 4799 1842 4846 τίνειν
1861 4795 1928 4850 6666
1941 4805 2082 4868 comparat,

272 4881 343 4949 quod
362 4885 390 4935 ct
407 4880 527 4935 absolute
545 4887 690 4950 usurpatur
708 4885 735 4934 et
753 4899 813 4936 cum
831 4881 969 4936 vocabulis
989 4877 1091 4947 ποινήν,
1111 4882 1196 4946 δίκην,
1215 4887 1356 4952 τιμωρίαν,
1375 4887 1448 4934 τίσιν
1468 4884 1647 4952 coniungitur.

428 4969 448 5035 ²)
466 4967 503 5021 lie
521 4967 624 5022 accedit
642 4967 834 5033 Loehbachius,
854 4968 928 5023 cuius
948 4969 1040 5024 confer
1056 4985 1146 5038 progr.
1166 4985 1245 5040 supra
1263 4969 1349 5024 laud:
1371 4969 1498 5024 »Studien
1517 4973 1583 5024 etc«
1606 4988 1631 5039 p.
1650 4971 1674 5023 6.

1034 5151 1329 5178 -——«»-—-
