4688 5776
1077 379 1270 442 „5-

422 573 538 637 celos-i:
562 573 579 635 Ι
601 571 682 636 659:
705 589 830 636 umeros
854 568 962 634 ductos·
984 587 1070 634 sacro
1093 569 1213 634 velatur
1229 566 1356 646 amictu,
1372 567 1392 632 i.
1410 585 1447 644 e..
1466 569 1499 631 ut
1521 583 1577 631 uos
1601 565 1752 630 dicimus:
1776 583 1810 629 sr
1832 564 1970 630 ierhdllt
1994 564 2084 628 seiue

265 674 444 740 Schulteru.
491 675 531 740 VI
554 676 619 740 563
642 694 704 757 sq.:
728 672 844 739 labitur
865 675 999 740 intortos
1021 691 1077 756 per
1099 674 1244 755 tempora
1266 671 1390 737 caerula
1414 670 1633 734 crines-tunc
1657 684 1777 752 qunque
1801 671 1944 733 materna
1959 666 2079 733 velatus

266 777 440 844 harundine
462 779 622 846 Peucon.-

207 923 213 928 -
422 879 852 963 eludi(=clacdo')134sq.:
891 879 1041 946 Cleonaeo
1077 879 1140 944 iam
1174 881 1321 960 tempora
1348 876 1451 943 clusus
1473 877 1563 941 hiatu
1579 912 1622 921 —
1638 874 1774 943 Alcides.
1807 874 2088 958 Engelburdtius1)

265 984 375 1051 latrdat
396 985 477 1053 Stat.
502 983 599 1052 Theb.
622 985 652 1050 X
675 983 760 1050 841:
783 983 909 1067 gemina
931 982 1012 1052 latus
1034 983 1144 1048 arbore
1167 980 1279 1048 clusus.
1748 971 1750 978 ’

422 1089 500 1177 topi:
524 1089 642 1154 1378:
666 1089 771 1154 tectus
795 1087 876 1153 colla
898 1087 1024 1170 capillo.

424 1193 555 1258 cioooo'ro':
578 1193 623 1256 IV
645 1191 728 1257 418:
752 1191 857 1272 aspide
879 1191 1019 1272 vinctor)
1043 1208 1157 1256 comas.

424 1297 527 1383 oo'opi:
549 1296 610 1360 VH
633 1296 717 1360 355:
742 1294 880 1375 cingitur
901 1295 997 1360 sinus.

422 1399 708 1480 intuctdccdcecti:
730 1398 776 1461 VI
791 1399 853 1464 110
865 1417 952 1482 sqq.:
977 1398 1105 1480 pectora
1123 1396 1205 1462 ferm
1219 1394 1441 1477 terribilesque
1461 1395 1573 1460 innexa
1590 1394 1681 1460 iubas
1700 1393 1927 1460 ruit—cohors.
1952 1396 1983 1460 ll
2005 1395 2087 1460 103:

268 1504 362 1569 tereti
385 1503 503 1568 crinem
526 1501 724 1568 subnectitur
747 1520 832 1567 suro.

424 1605 560 1670 nudari.-
581 1605 608 1668 V
633 1607 710 1671 tto:
734 1623 811 1688 quae
832 1603 921 1686 pelta
943 1604 1025 1668 latus
1048 1601 1147 1685 adque
1168 1619 1291 1667 umeros
1314 1601 1431 1668 nudata
1453 1600 1618 1683 pharetris.

969 1757 1062 1822 Alio
1085 1756 1226 1823 Valeri
1249 1757 1379 1822 verba.

427 1881 578 1946 concerti:
600 1881 650 1944 ΙΙΙ
665 1880 745 1947 343:
768 1879 824 1944 ille
840 1898 928 1946 susm
945 1879 1049 1944 multus
1064 1895 1229 1944 conversus
1245 1878 1285 1942 ad
1300 1878 1418 1942 urbem.
1442 1878 1457 1940 Ι
1474 1875 1537 1941 618
1553 1895 1617 1961 sq.:
1641 1894 1789 1942 conversa
1803 1879 1940 1942 frontem
1958 1877 2085 1961 puppis.

426 1983 516 2066 deam}
538 1983 636 2048 inici:
659 1984 691 2048 11
715 1984 795 2049 470:
818 1983 903 2049 tristi
927 1982 1030 2050 oculos
1053 1982 1177 2048 deiecta
1199 1981 1325 2064 pudore.
1370 1981 1419 2046 ΙΙΙ
1441 1981 1519 2045 562:
1543 1977 1599 2044 illa
1621 1979 1728 2045 avidas
1751 1979 1869 2044 iniecta
1892 1999 2011 2046 manuus.

425 2088 567 2152 o'mom'ctc‘:
590 2088 605 2151 I
628 2087 707 2154 412:
731 2085 839 2152 Phlius
861 2085 1020 2152 immissus
1043 2085 1163 2169 patrios
1186 2083 1224 2149 ds
1247 2084 1363 2150 ventos
1386 2084 1498 2150 crines.

417 2190 522 2277 fleec':
546 2191 595 2256 III
618 2192 699 2256 615:
722 2191 862 2256 animum
885 2189 991 2257 flexus.
1937 2258 1944 2268 ,

426 2291 530 2375 tboodc',
546 2292 673 2380 effbodo',
689 2292 844 2381 dt'jfttsdc':
868 2295 917 2360 ΙΙΙ
932 2294 995 2358 314
1014 2311 1078 2375 sq.:
1101 2291 1183 2358 Clite
1199 2291 1318 2357 laceras
1334 2310 1429 2373 super
1444 2309 1499 2355 ora
1515 2289 1735 2356 mariti-fusa
1758 2292 1872 2367 comas,
1897 2291 1917 2353 i.
1935 2309 1961 2356 e.
1986 2290 2087 2355 comis

271 2419 303 2464 se
326 2398 494 2465 effundens.
530 2399 547 2461 1
571 2399 650 2462 762:
674 2395 770 2463 eflusa
792 2417 910 2476 manus,
933 2397 954 2461 i.
978 2417 1005 2462 e.
1029 2394 1191 2461 effundens
1211 2394 1263 2460 vel
1286 2394 1477 2478 protendens
1500 2413 1620 2460 manus.
1653 2394 1685 2458 ll
1711 2395 1788 2458 104:
1812 2394 1951 2460 sidereos
1974 2393 2090 2459 diflusa

271 2502 365 2568 sinus.
411 2500 497 2580 Quas
520 2501 616 2565 verba
639 2499 886 2578 Loehbachius³)
910 2501 1084 2578 ncubare,
1108 2498 1134 2562 si
1158 2498 1233 2582 quid
1257 2497 1359 2576 video,
1388 2497 1541 2578 explicat:
1575 2497 1655 2562 »Die
1679 2498 1791 2562 Worts
1814 2497 1952 2563 sidereos
1976 2497 2086 2563 diffusa

271 2606 358 2670 sinus
380 2604 492 2682 lusson,
515 2623 603 2670 nonu
624 2623 697 2669 man
720 2604 764 2670 sie
788 2623 825 2670 zu
848 2606 918 2670 dem
942 2602 1228 2686 Vorhergsbenden
1251 2602 1345 2678 nieht,
1370 2600 1462 2666 boine
1487 2599 1721 2684 betriedigende
1742 2601 1922 2684 Erklanrng
1944 2622 1991 2670 zu.
2029 2600 2085 2666 Iob

271 2710 400 2775 noento
423 2709 467 2774 sie
492 2708 588 2773 daher
604 2709 663 2774 mit
677 2708 750 2774 dem
766 2707 948 2792 Fulgeudeu
970 2705 1143 2772 verbiudan
1166 2706 1229 2769 und
1252 2725 1314 2770 von
1337 2706 1408 2770 dem
1423 2705 1496 2768 wirr
1520 2707 1594 2770 tiber
1618 2705 1668 2770 die
1684 2707 1779 2772 Brust
1801 2704 2087 2788 horobhsngenden

271 2812 358 2876 Haar
372 2813 536 2878 verstabeu
557 2812 601 2876 im
618 2811 791 2894 Gegansatz
814 2831 850 2876 zu
873 2812 967 2878 tereti
992 2814 1109 2878 crinem
1132 2814 1328 2879 subnectitur
1351 2832 1455 2881 auro«
1497 2813 1600 2879 Verba
1621 2811 1836 2896 intellegenda
1859 2807 1930 2878 sunt
1952 2812 1990 2877 de
2012 2812 2089 2875 lano
2148 2877 2151 2886 .

272 2915 320 2981 vel
343 2915 494 2981 discincto
517 2915 644 2982 amictu.
691 2915 886 2982 Contrarium
910 2917 1101 2983 seutentiam
1123 2916 1241 2983 habent
1263 2919 1367 2996 verba,
1392 2937 1470 3002 quae
1494 2919 1619 2982 exstant
1642 2917 1733 3000 Verg.
1758 2918 1836 2982 Aen.
1861 2918 1875 2982 I
1899 2915 1980 2980 320:
2008 2914 2090 2980 nodo

272 3021 358 3086 sinus
382 3019 516 3086 collecta
537 3019 706 3099 fluentis⁴).

426 3125 528 3188 exeri:
551 3124 583 3188 Il
606 3123 687 3190 207:
709 3126 815 3189 truces
839 3127 1088 3202 credemusne,
1111 3125 1134 3191 i.
1158 3145 1185 3195 s.
1209 3143 1350 3191 exserens
1374 3143 1493 3191 manus.

426 3227 532 3312 pelopi:
554 3229 585 3292 Ii
612 3228 691 3292 150:
715 3227 802 3310 picta
825 3245 934 3292 manus
956 3229 1087 3312 ustoquo
1110 3228 1215 3310 placet
1237 3229 1293 3294 sed
1315 3229 1448 3294 barbara
1471 3232 1588 3306 mento,
1611 3227 1633 3296 i.
1658 3248 1684 3293 e.
1709 3245 1786 3312 quae
1811 3246 1919 3292 manus
1942 3227 2088 3309 pinxerat

274 3328 323 3394 vel
346 3348 423 3412 quas
447 3331 594 3395 manibus
615 3330 707 3395 notas
731 3329 892 3395 Threicius
915 3331 1080 3398 inusserat.

430 3435 571 3498 ormont:
595 3433 627 3499 ll
650 3434 731 3498 249:
753 3433 811 3500 illa
834 3434 903 3518 pias
927 3438 1049 3501 armata
1071 3455 1191 3515 manus.

430 3537 566 3600 macari:
590 3537 746 3602 v11211:
768 3537 850 3603 sicut
872 3541 939 3604 erat
960 3541 1084 3604 mutata
1106 3539 1206 3619 deam,
1231 3540 1251 3606 i.
1269 3558 1295 3607 s.
1313 3539 1423 3606 faciem
1440 3540 1580 3604 diuinam
1598 3541 1782 3605 mutaverat.
1819 3537 1924 3602 Minus
1940 3536 2089 3602 audacter

274 3638 449 3808 Verggiuszl
475 3658 568 3724 quem
592 3640 651 3704 hoc
674 3656 792 3724 quoque
815 3639 883 3707 loco
908 3641 1049 3706 Valerius
1080 3641 1222 3708 imitatus
1257 3646 1314 3722 ost,
1349 3643 1429 3709 dicit
1456 3644 1535 3711 Aen.
1560 3645 1575 3707 1
1598 3643 1675 3708 ota:
1698 3645 1733 3707 ut
1756 3641 1866 3708 faciem
1891 3643 2031 3706 mutatus
2056 3642 2088 3705 et

275 3761 330 3809 ora
376 3761 427 3826 upr
452 3762 480 3810 o.

428 3869 459 3948 β.
483 3861 581 3933 Actio
605 3879 667 3932 oon
690 3864 878 3935 asublecto
903 3865 983 3951 ipso,
1006 3866 1066 3934 seo
1090 3866 1132 3935 ab
1155 3865 1220 3936 allo
1236 3865 1417 3953 perficitur,
1439 3866 1485 3932 ita
1507 3869 1624 3942 tamen,
1647 3869 1682 3930 ut
1705 3865 1881 3930 subiectum
1898 3863 2090 3941 consentiat.

276 3966 390 4049 quibus
423 3966 502 4052 locis
533 3967 642 4050 lingua
672 3968 841 4033 uernacula
873 3971 966 4034 verbo
1004 3969 1142 4035 »lusson«
1177 3970 1305 4037 utimur.
1353 3973 1436 4053 Apte
1458 3967 1657 4050 denerus⁵)
1681 3967 1719 4034 de
1754 3969 1803 4035 his
1837 3967 1941 4034 verbis
1977 3968 2087 4032 docet:

275 4107 392 4114 -——-.

434 4175 452 4230 ¹)
472 4173 632 4243 1.l.p.1t.

252 4317 254 4320 ,
432 4257 453 4325 ²)
473 4259 602 4315 »Vincta«
619 4275 668 4330 pro
683 4265 820 4325 »cuncta«,
839 4260 909 4330 quod
920 4261 948 4314 iu
966 4261 1055 4316 cadim
1070 4261 1202 4318 Vaticano
1213 4269 1263 4328 est,
1281 4279 1335 4316 nou
1351 4261 1419 4316 mele
1430 4261 1607 4318 Baehrensius
1624 4261 1739 4332 scripsit.
1768 4261 1799 4314 ln
1812 4260 1908 4315 ceteris
1922 4259 2094 4314 editionibus

279 4345 399 4401 »cinctu«
418 4345 526 4414 legitur.

432 4432 454 4500 ³)
471 4431 563 4500 Progr.
581 4431 678 4486 insen:
703 4430 832 4486 »Studien
849 4449 880 4485 zu
898 4433 986 4487 Valer.
1006 4433 1121 4499 Flacca,
1139 4435 1291 4490 Antunnaci
1310 4451 1334 4489 a.
1354 4437 1421 4487 1872
1440 4435 1480 4491 ed.
1500 4453 1529 4503 p.
1546 4439 1563 4488 6
1582 4453 1622 4503 sq.

432 4517 453 4584 4)
472 4518 570 4572 Durior
587 4518 750 4587 graecismus
768 4518 840 4571 verbi
858 4517 1033 4584 diffundendi,
1053 4521 1099 4589 qui
1117 4521 1253 4576 invenitur
1265 4521 1301 4576 Vl
1320 4523 1353 4576 55
1366 4539 1419 4590 sq.:
1440 4538 1503 4576 »nee
1516 4521 1618 4590 primus
1631 4519 1728 4585 radios,
1746 4519 1826 4574 miles
1838 4520 1967 4584 Romane,
1985 4518 2088 4574 corusci

278 4633 311 4643 ——
330 4604 449 4659 fulminis
467 4611 495 4660 et
512 4605 608 4660 rutilas
626 4605 711 4660 scutis
729 4603 882 4660 diffunderis
900 4605 982 4669 alas«,
1001 4622 1016 4659 a
1036 4605 1193 4661 Schentelio
1211 4612 1239 4662 et
1258 4607 1427 4672 Ecetranum,
1451 4607 1497 4676 qui
1516 4607 1601 4662 secuti
1622 4613 1686 4660 sunt
1706 4606 1903 4661 Bononiensem
1922 4611 1949 4660 et
1964 4604 2088 4660 Aldinsm

278 4691 411 4745 editiones
428 4697 455 4745 at
479 4689 511 4745 Κ.
525 4691 569 4746 Fr.
582 4691 763 4746 Hermanuum
783 4691 841 4758 (cir.
860 4698 1003 4746 comment.
1022 4691 1156 4762 Philologi
1172 4694 1223 4748 vol.
1242 4691 1282 4748 ΙΙΙ
1302 4695 1394 4750 insert.
1413 4711 1438 4764 p.
1457 4695 1526 4757 blbl,
1546 4692 1694 4747 mutatione
1715 4692 1882 4746 ›diffuderis‹
1904 4693 1959 4745 iure
1983 4691 2090 4746 deletus

279 4782 327 4831 est.
365 4775 466 4830 ltodam
484 4777 541 4832 iure
561 4777 742 4833 Baehrensius
760 4777 894 4832 codicibus
912 4777 935 4830 u
954 4777 974 4832 C
1000 4783 1027 4832 at
1046 4778 1212 4835 editionibus
1230 4779 1394 4835 Bononiensi
1413 4785 1440 4834 et
1460 4779 1574 4834 Aldinae
1592 4777 1772 4848 adstipulatus
1791 4778 1804 4829 Ι
1828 4780 1889 4842 tul,
1915 4777 1959 4831 ubi
1984 4781 2094 4833 exstatz

281 4868 401 4916 »teneras
419 4876 587 4932 compressus
605 4869 712 4933 pectore
729 4863 839 4932 tigres«,
858 4864 966 4934 scripsit
986 4864 1183 4934 »complexus«,
1205 4881 1265 4920 cum
1285 4865 1413 4921 Heinsius
1435 4866 1584 4934 elegantem
1603 4881 1660 4919 esse
1678 4863 1748 4918 bunc
1768 4865 1947 4931 graecismum
1964 4869 2041 4932 putet
2060 4869 2088 4919 et

280 4946 429 5002 Bonnetius
447 4963 552 5016 quoque
569 4948 630 5017 (1.1.
649 4967 674 5019 p.
687 4949 728 5017 10)
746 4949 888 5003 lectionem
908 4949 1030 5006 Vaticani
1049 4949 1181 5005 defendat.
1216 4951 1370 5006 inauditum
1389 4957 1478 5006 autem
1498 4967 1557 5005 esse
1575 4951 1657 5005 talem
1676 4951 1854 5020 graecismum
1873 4949 1922 5004 Pb.
1941 4950 2094 5020 Wagnerus

277 5033 378 5100 (lebnii
396 5049 456 5088 ann.
475 5035 527 5090 vol.
545 5035 681 5089 cxxxix
702 5053 729 5105 p.
746 5035 808 5104 391)
827 5043 899 5091 recte
917 5035 992 5090 dicit.

435 5121 457 5188 ὁ)
473 5121 491 5178 l.
511 5121 529 5174 l.
548 5120 598 5174 vol.
618 5121 643 5174 11
662 5140 689 5191 p.
707 5125 765 5177 207.
