4688 5776
1058 368 1252 430 ..4-

245 555 291 620 als
318 552 712 638 »(1111111111111111111111
737 557 812 623 aber
842 558 888 622 als
911 558 1205 642 vohlberccbtigtes
1230 557 1397 639 Eigentum
1431 557 1487 620 der
1505 554 1724 620 ’lateinischen
1746 554 1885 638 Sprache
1908 555 2067 633 erveisen,

244 677 278 724 so
301 657 403 724 lassen
426 659 493 722 sich
517 659 660 723 dennoch
688 659 918 744 asystatlrsouo
943 662 1144 728 Graoismem
1171 661 1221 725 bei
1252 659 1378 726 solcben
1403 659 1591 724 Stmlrturen
1621 657 1712 723 nicht
1743 659 1775 723 in
1798 659 1922 724 Abrede
1945 657 2065 736 stellen,

245 763 297 827 die
320 761 371 826 bei
394 761 453 826 den
477 762 595 826 alteren
620 763 772 830 Dichtern
796 765 859 828 und
882 765 914 829 in
938 765 993 830 der
1025 762 1217 829 lrlassiscben
1239 763 1337 828 Prosa
1366 763 1560 845 lronseqnent
1582 763 1718 829 11111111
1767 762 1934 828 latissime
1961 763 2066 828 autern

245 867 350 947 patuit
372 883 444 930 usus
467 866 635 948 graccismi
660 868 699 931 ab
716 887 751 932 co
776 869 928 949 tempore,
953 887 971 932 a
994 887 1054 952 quo
1077 868 1249 934 multorum
1271 866 1375 945 studia
1396 867 1431 930 in
1455 888 1492 933 eo
1508 868 1719 944 versabantur,
1744 869 1789 944 ut,
1808 884 1887 949 quae
1903 883 1922 928 a
1938 864 2065 931 Graecis

245 970 405 1053 praeclare
429 969 619 1052 pulchreque
639 971 726 1035 dicta
749 973 860 1048 essent,
885 992 921 1037 ea
944 971 1059 1036 litteris
1082 971 1191 1038 latinis
1213 969 1410 1054 attingerent.
1457 973 1565 1053 ltaque
1587 969 1818 1050 Krihnastins¹)
1842 989 1904 1034 non
1934 969 2065 1034 iniuria:

248 1075 331 1139 »Der
355 1073 536 1140 Gracismus
566 1095 628 1138 var
658 1076 738 1141 vobl
767 1077 822 1141 das
852 1076 1040 1159 maenugsto
1063 1073 1221 1151 Ferment,
1251 1073 1316 1151 das,
1345 1075 1404 1139 seit
1429 1074 1521 1156 jeder
1550 1073 1710 1157 gebildete
1742 1075 1858 1139 Romen
1885 1072 2096 1156 griechisch·

244 1176 365 1261 sprach,
391 1177 441 1242 die
464 1178 720 1260 Weiterbildung
742 1180 797 1243 der
819 1178 955 1262 Sprache
979 1179 1199 1243 vermittelte.‹
1251 1175 1336 1256 Quae
1359 1197 1428 1242 cum
1452 1178 1497 1242 ita
1520 1177 1594 1254 sint,
1619 1178 1667 1242 cui
1691 1178 1807 1242 mirum
1831 1175 1974 1243 videatur
1996 1195 2064 1242 csse

246 1281 405 1346 Valerium
429 1283 555 1363 poetam
572 1282 711 1346 carmina
727 1284 818 1364 epica
840 1283 878 1346 ab
895 1282 1064 1365 Apollonio
1080 1279 1202 1346 Rhodio
1225 1299 1335 1363 graece
1358 1278 1500 1344 confecta
1522 1281 1554 1344 in
1577 1281 1711 1345 latinum
1735 1299 1912 1346 sermonem
1933 1279 2065 1345 liberius

245 1384 512 1464 convertentem2)
535 1385 651 1448 iterum
674 1387 767 1468 atque
791 1386 905 1451 iterum
929 1405 1017 1449 usurn
1048 1402 1113 1448 esse
1141 1401 1272 1466 graecae
1303 1383 1431 1466 linguae
1467 1377 1645 1464 rationibus,
1677 1384 1864 1466 praesertim
1892 1402 1963 1448 curn
1994 1386 2064 1448 ante

245 1487 372 1552 eumin
395 1488 505 1552 eodem
529 1487 606 1552 artis
629 1507 742 1572 genere
765 1490 906 1554 versatus
928 1488 1085 1573 Vergilius
1108 1484 1233 1569 poeia³)
1257 1487 1343 1550 idem
1367 1485 1426 1550 sibi
1457 1487 1642 1568 sumpsisset
1663 1487 1858 1569 Homerique
1881 1507 1941 1553 non
1963 1488 2064 1552 solum

246 1590 278 1654 in
305 1591 397 1656 rebus
420 1591 611 1668 enarrandis,
635 1611 742 1656 verum
774 1592 870 1657 etiam
899 1591 932 1655 in
961 1591 1185 1657 conformanda
1216 1590 1358 1655 oratione
1390 1589 1565 1655 exstitisset
1588 1589 1749 1655 imitator?
1794 1588 1885 1668 Quod
1908 1591 2063 1674 quomodo

247 1694 361 1758 lactum
384 1695 434 1771 sit,
458 1697 493 1759 ut
516 1695 706 1770 ostendatur,
731 1696 810 1760 hanc
835 1695 873 1759 de
897 1695 1001 1759 Valeri
1025 1693 1148 1759 dicendi
1171 1711 1287 1776 genere
1310 1692 1607 1758 commentationem
1630 1693 1675 1756 ita
1696 1692 1838 1770 instituo,
1869 1697 1903 1758 ut
1926 1695 2063 1776 primum

246 1795 283 1862 de
311 1816 437 1862 casuum
468 1797 675 1880 obliquorum,
708 1795 822 1862 deinde
856 1799 895 1863 de
919 1799 1067 1863 adiectivi
1090 1796 1297 1880 praedicativi
1325 1815 1392 1873 usu,
1426 1796 1560 1879 denique
1590 1796 1627 1861 de
1656 1796 1803 1862 adverbio
1828 1813 1885 1879 pro
1908 1781 2063 1863 adiectivo

244 1899 432 1965 attributivo
455 1901 555 1984 posito
580 1901 777 1984 disputem)

628 2178 670 2283 I.
710 2179 799 2284 De
838 2209 1087 2284 casuum
1127 2178 1525 2314 obliquorum
1563 2211 1689 2284 usu.

942 2369 986 2451 Α.
1016 2373 1082 2453 De
1109 2371 1365 2453 accusativo.

403 2525 450 2590 De
480 2526 510 2588 vi
540 2545 575 2590 ac
606 2527 719 2590 natura
741 2526 910 2590 accusativi
934 2545 1014 2610 quae
1037 2548 1055 2591 a
1077 2527 1153 2591 viris
1179 2526 1280 2591 doctis
1303 2526 1420 2608 scripta
1442 2526 1522 2603 sunt,
1557 2543 1594 2588 ea
1615 2525 1676 2588 boc
1698 2523 1765 2588 loco
1791 2521 1898 2588 omnia
1919 2522 2061 2603 repetere

246 2631 278 2693 et
309 2627 438 2712 longum
470 2635 502 2693 et
530 2647 794 2709 supervacaneum
826 2631 883 2696 est.
929 2629 1035 2694 Meum
1065 2633 1120 2706 est,
1145 2629 1307 2694 Valeriani
1339 2629 1464 2694 dicendi
1496 2628 1621 2711 generis
1654 2646 1731 2709 quae
1758 2627 1823 2691 sint
1845 2624 2060 2707 proprietates,

247 2749 437 2813 proponere3
462 2751 499 2796 ac
522 2734 658 2815 primurn
683 2733 810 2816 quidem
833 2733 893 2799 hac
915 2734 1017 2798 libelli
1041 2735 1130 2816 parte
1155 2734 1193 2797 de
1218 2733 1396 2799 accusativo
1417 2733 1584 2798 transitivo
1606 2731 1774 2813 apassivis
1790 2729 1893 2795 verbis
1908 2727 2060 2810 pendente

245 2833 358 2912 dicam,
389 2837 458 2900 turn
483 2836 521 2900 de
545 2835 721 2900 accusativo
746 2855 782 2901 er
806 2836 972 2902 adiectivis
995 2840 1080 2919 apto,
1113 2837 1247 2920 denique
1270 2837 1308 2901 de
1332 2837 1509 2901 accusativo
1533 2854 1604 2902 cum
1627 2835 1729 2900 verbis
1752 2831 1959 2899 intransitivis
1983 2848 2060 2914 qnae

246 2937 394 3004 dicuutur
416 2939 592 3007 coniuncto.

593 3058 624 3125 l.
648 3057 701 3126 no
724 3059 926 3126 accusativo
949 3061 1144 3128 transitivo
1167 3078 1188 3124 a
1211 3059 1333 3127 verbis
1355 3059 1510 3142 passivis
1533 3059 1724 3141 pendente.

402 3182 495 3265 Apud
530 3183 730 3260 Ciceronem,
766 3182 946 3259 Caesarem,
982 3182 1184 3258 Sallustium,
1220 3181 1384 3245 Valerium
1418 3180 1611 3259 Maximum,
1645 3178 1889 3258 Quintilianum,
1922 3175 2061 3240 Plinium

172 3301 174 3306 ’
245 3286 411 3364 minorem,
441 3287 610 3366 Nepotem,
641 3285 788 3362 Gellium,
817 3287 982 3363 Iustinum,
1013 3287 1180 3367 scriptores
1208 3285 1361 3349 historiae
1384 3286 1537 3365 augustae
1561 3282 1706 3366 exempla
1728 3280 1897 3346 accusativi
1921 3301 1937 3346 e
1959 3280 2063 3345 verbis

245 3390 378 3472 passivis
401 3390 566 3472 pendentis
589 3409 648 3454 non
673 3391 793 3454 exstars
817 3387 1028 3470 Draegerus⁵)
1053 3387 1200 3454 affirmat.
1237 3388 1338 3470 Saepe
1360 3389 1528 3468 usurpatur
1550 3407 1568 3450 a
1591 3386 1728 3468 poetis⁶)
1752 3386 1825 3450 inde
1849 3387 1887 3450 ab
1913 3384 2062 3468 Vergilio,

403 3561 421 3627 ¹)
439 3561 513 3614 Libri
532 3562 672 3632 inscripti:
692 3561 809 3616 »Liviam
823 3561 915 3631 Synt«
934 3578 960 3630 p.
979 3563 1021 3613 45.

400 3647 420 3709 't
439 3645 493 3702 Cir.
511 3645 633 3702 Thilonis
651 3647 719 3718 prol.
736 3665 764 3717 p.
788 3647 841 3702 Xll
862 3639 916 3716 sq.,'
929 3647 974 3716 qai
992 3647 1063 3701 insta
1076 3647 1166 3701 Valeri
1185 3647 1315 3700 librorum
1333 3647 1575 3716 manuscriptorum
1593 3645 1747 3699 recensione
1765 3643 1892 3698 instituta
1910 3643 2006 3698 eximie
2030 3642 2063 3696 de

245 3734 351 3789 Valerio
370 3732 483 3787 meritus
501 3738 551 3788 est.

402 3823 423 3887 ³)
443 3819 566 3890 »Scripta
584 3836 641 3874 esse
662 3820 844 3889 Argonautica
861 3824 921 3873 tota
939 3817 973 3873 ad
990 3819 1125 3888 exemplar
1144 3818 1279 3874 Aeneidos
1292 3818 1461 3887 Vergilianas
1481 3823 1574 3872 notura
1593 3821 1658 3872 est«
1695 3816 1856 3884 (Baehrensi
1873 3817 1956 3888 praei.
1975 3833 2001 3886 p.
2019 3815 2061 3882 V.)

245 3909 286 3962 De
304 3906 411 3961 Valerio
436 3907 571 3961 imitatore
594 3907 697 3974 Vergili
724 3907 768 3963 cir.
796 3905 929 3961 111111.
953 3921 1052 3975 progr,
1079 3905 1123 3958 oni
1148 3905 1301 3974 inscripsit:
1336 3905 1391 3958 »ne
1409 3903 1438 3959 C.
1457 3905 1516 3960 Val.
1533 3904 1577 3958 Fl.
1595 3904 1785 3972 Argonauticis
1817 3919 1876 3958 cnm
1894 3903 1971 3971 Verg.
1995 3901 2062 3955 Mar.

246 3993 367 4050 Aeneide
385 3993 570 4062 comparatis«,
589 3993 711 4048 Tridenti
729 4009 753 4047 a.
774 3994 840 4045 1869
858 3991 899 4046 ed.

401 4079 811 4149 41111111111111111111111111
834 4095 910 4132 usum
936 4079 991 4153 iarn
1015 4075 1128 4131 loannes
1147 4076 1313 4133 Schmidtins
1336 4077 1550 4132 luculentissime
1577 4076 1770 4132 demonstrarit
1798 4075 1998 4140 dissertatione,
2019 4075 2062 4128 cui

245 4167 398 4236 inscripsit:
419 4167 473 4220 »De
491 4183 540 4220 asu
559 4167 686 4221 infinitivi
710 4166 781 4236 apud
793 4167 938 4232 Lucanum,
956 4165 1091 4218 Valeriam
1109 4163 1245 4230 Flaccum,
1264 4164 1363 4218 Siliam
1380 4163 1532 4230 Italicum«,
1550 4163 1610 4220 Hal.
1629 4165 1688 4219 Sar.
1706 4182 1729 4221 a.
1748 4166 1815 4218 lsai
1834 4162 1875 4217 ed.
1894 4163 2062 4234 Quamquam

246 4269 351 4308 summa
369 4268 429 4306 cunr
446 4252 590 4320 diligentia
607 4254 692 4306 virum
710 4252 819 4307 doctum
836 4267 892 4306 rem
915 4257 1047 4306 tractasse
1071 4251 1188 4306 libenter
1212 4249 1337 4314 concedo,
1363 4257 1454 4306 tamen
1472 4250 1674 4321 vituperandam
1702 4257 1742 4306 est
1771 4267 1832 4305 1111
1864 4249 1898 4304 11)
1922 4251 1956 4305 111
1981 4256 2061 4317 stare,

246 4339 293 4408 qni
313 4353 419 4393 caenam
438 4339 651 4407 significationes
664 4339 811 4393 infinitivus
829 4355 886 4393 esee
904 4342 1000 4409 putent
1018 4336 1077 4405 (cir.
1095 4355 1121 4408 p.
1140 4337 1175 4403 Β).
1212 4335 1251 4390 Ut
1268 4336 1388 4408 exempla
1406 4337 1520 4403 afferam,
1539 4339 1687 4393 infinitivus
1707 4354 1765 4393 cnm
1785 4338 1957 4392 substantivis
1975 4353 2062 4402 neura,

246 4424 371 4489 facultas,
389 4423 470 4486 iuror,
488 4425 610 4491 libertas,
629 4425 714 4491 locus,
733 4441 818 4491 mens,
835 4427 965 4496 potestas,
983 4440 1051 4495 spos,
1070 4423 1195 4488 studium,
1214 4431 1335 4493 tempas«
1355 4439 1371 4477 a
1390 4423 1493 4478 Valerio
1513 4425 1680 4489 coniunctos,
1708 4423 1807 4493 quibus
1825 4424 1895 4479 locis
1912 4423 2062 4478 infinitivus

246 4509 399 4566 subiectum
417 4513 459 4565 ast
477 4511 532 4578 (cir.
551 4511 680 4578 Draegeri
698 4511 760 4564 libri
777 4512 875 4566 inser:
895 4509 1077 4566 »Historiscbo
1096 4511 1199 4580 Syntax
1216 4508 1264 4563 der
1280 4509 1327 4565 lat.
1348 4509 1489 4580 Spracbe‹,
1507 4509 1558 4579 (ed.
1579 4511 1615 4578 11)
1638 4510 1688 4564 vol.
1708 4509 1738 4562 Il
1755 4527 1781 4580 p.
1801 4511 1853 4562 318
1877 4509 1956 4579 sqq),
1979 4525 2059 4580 gene-

245 4598 363 4652 tivornm
382 4596 442 4650 loco
461 4597 562 4665 positos
579 4613 637 4651 esse
655 4597 773 4651 1111111111
791 4597 827 4667 (p.
844 4598 878 4650 79
897 4597 965 4666 sqq.)
984 4601 1056 4666 etp.
1074 4596 1108 4648 87
1135 4611 1194 4665 sqq.
1220 4596 1341 4667 disputat
1366 4595 1399 4650 de
1422 4596 1564 4650 infinitivis
1588 4595 1719 4651 adiectiva
1740 4597 1780 4651 ita
1801 4595 2003 4667 excipientibus,
2030 4601 2061 4650 nt

247 4685 302 4738 sint
328 4699 437 4738 numero
467 4683 650 4751 genetivomm
668 4683 777 4752 (cartas,
804 4682 909 4749 docilis,
936 4683 1040 4746 doctus,
1068 4681 1156 4747 durus,
1182 4681 1330 4746 immemor,
1355 4682 1469 4750 melior),
1495 4682 1646 4737 dativorum
1669 4683 1773 4750 abenas,
1798 4689 1898 4747 saetas,
1916 4683 2058 4751 assuetus),

246 4769 459 4824 accusativornm
477 4769 595 4823 finalium
615 4769 722 4836 (facilis,
740 4768 867 4840 paratus),
886 4770 1060 4824 ablativornm
1079 4771 1187 4838 (certus,
1206 4773 1355 4835 contentus,
1373 4769 1491 4837 dignus).

404 4855 424 4924 ⁵)
443 4854 517 4908 Libri
536 4872 614 4926 supra
631 4855 733 4910 laudati
751 4856 802 4910 vol.
822 4855 836 4910 1
854 4873 880 4926 p.
899 4856 957 4910 362.

403 4939 810 5012 111111.11111111111111111111,
838 4943 880 4996 cni
906 4943 1057 5014 inscripsit:
1089 4943 1211 4998 »Passive
1231 4945 1316 4998 Verba
1342 4945 1392 4998 mit
1420 4943 1480 4997 dem
1500 4945 1561 4999 Aoo.
1581 4944 1636 4998 und
1653 4945 1701 4998 der
1718 4946 1782 5000 dcc.
1803 4943 1920 4999 Graecus
1946 4942 2060 5002 beiden

247 5029 294 5084 lat.
314 5029 457 5098 epitom«,
484 5044 508 5082 a.
529 5029 595 5081 1879
614 5027 770 5098 Bidgostiae
790 5027 839 5093 ed,
868 5029 914 5098 qai
940 5029 1056 5099 plurima
1082 5030 1199 5096 quidem,
1226 5030 1273 5086 sed
1296 5046 1348 5085 non
1375 5031 1466 5084 omnia
1489 5031 1609 5100 exempla
1626 5031 1710 5094 affert,
1739 5047 1806 5098 quae
1825 5031 1855 5084 in
1873 5031 1963 5086 Valeri
1982 5032 2061 5088 libris

248 5114 425 5179 inveniuntur,
444 5117 472 5168 et
488 5131 545 5168 rem
563 5113 676 5168 breviter
694 5132 721 5168 se
740 5115 873 5182 attingere
891 5115 958 5169 velle
975 5115 1032 5186 ipse
1052 5120 1119 5180 (not.
1136 5134 1162 5186 p.
1181 5117 1208 5183 4)
1231 5117 1381 5186 profitetur.
1420 5115 1498 5180 Quod
1516 5133 1582 5187 opus
1600 5116 1805 5187 diligentissime
1825 5117 1976 5173 coniectum
2000 5135 2060 5173 enm
