4688 5776
1161 1240 1215 1323 De

769 1453 867 1554 G.
905 1454 1236 1555 Valeri
1271 1457 1603 1557 Flacci

945 1622 947 1628 V
1001 1687 1177 1771 dicendi
1208 1711 1369 1791 genere

1080 1900 1287 1982 quaestiones.

829 2087 1009 2172 Scripsit
1031 2087 1076 2155 11.
1101 2085 1327 2172 Gehhing,
1350 2089 1413 2158 Dr.
1437 2088 1533 2174 phil.

1103 2351 1257 2358 --.--

430 2567 473 2664 Iu
498 2595 717 2662 dissertatione
744 2596 968 2682 inaugurali),
999 2597 1048 2664 oui
1077 2597 1239 2683 inscripsi:
1272 2598 1338 2666 »De
1361 2599 1394 2667 G.
1412 2599 1512 2665 Valeri
1535 2599 1639 2665 Flacci
1663 2599 1764 2683 tropis
1792 2601 1824 2665 et
1852 2598 1992 2683 figurisc,
2017 2599 2095 2664 alias

276 2698 423 2781 deinceps
454 2699 615 2766 occasione
646 2698 752 2765 oblata
780 2701 988 2782 quaestiones,
1018 2719 1096 2785 quae
1126 2702 1165 2767 ad
1190 2701 1292 2768 Valeri
1324 2700 1486 2768 immerito
1520 2702 1642 2768 tamdiu
1671 2701 1807 2786 neglecti
1839 2699 1964 2766 dicendi
1996 2721 2095 2785 genus

276 2800 427 2884 spectant,
452 2821 502 2868 me
517 2804 726 2868 tractaturum
751 2821 818 2869 esse
833 2805 975 2887 promisi.
1008 2804 1065 2870 Oui
1081 2805 1234 2887 promisso
1259 2804 1475 2870 satisfacturus
1497 2804 1557 2870 hoc
1571 2804 1678 2872 libello
1701 2807 1740 2871 de
1767 2806 1807 2870 iis
1831 2806 1896 2870 eius
1919 2805 2096 2885 structuris,

278 2923 354 2987 quae
377 2905 494 2971 iudicio
523 2905 744 2972 nonnullomm
768 2908 1050 2991 grammaticorum
1072 2907 1250 2974 imitatione
1279 2908 1431 2973 orationis
1454 2927 1587 2992 graecae
1616 2911 1703 2975 ortas
1732 2913 1813 2988 sunt,
1846 2908 1996 2975 disserere
2021 2927 2095 2973 con-

276 3009 376 3076 stitui.
422 3009 468 3074 st
490 3009 570 3075 mira
599 3012 647 3076 ost
675 3010 756 3075 inter
786 3010 871 3076 viros
902 3010 1011 3077 doctos
1040 3011 1202 3088 dissensio,
1233 3012 1428 3094 graecismus
1459 3013 1510 3095 qui
1540 3012 1656 3078 dicitur
1678 3013 1743 3078 sive
1775 3011 1978 3078 hellenismus
2001 3031 2093 3097 quam

157 3162 160 3166 .
274 3112 339 3178 late
362 3114 471 3194 patere
493 3113 635 3178 rideatur
664 3114 698 3178 in
720 3130 862 3179 sermone
891 3114 1080 3198 scriptorum
1103 3114 1287 3190 latinomm;
1318 3116 1434 3181 etenim
1458 3135 1511 3180 suo
1534 3116 1602 3180 iure
1624 3116 1799 3200 Pigems²)‚
1824 3136 1903 3201 quae
1926 3117 2093 3182 verborum

277 3215 569 3298 comprehensiones
596 3217 647 3284 his
675 3237 748 3284 vere
771 3218 958 3302 proprieque
981 3216 1098 3284 latinae
1129 3218 1302 3296 videantur,
1333 3219 1458 3284 easdem
1482 3218 1563 3283 dicit
1590 3219 1629 3283 ab
1661 3218 1726 3284 illis
1756 3220 1842 3301 quasi
1874 3219 2094 3286 celeberrimos

277 3319 427 3400 quosdam
449 3322 641 3404 graecismos
664 3321 806 3390 tractari.
846 3323 892 3386 Ac
913 3321 1049 3405 primum
1073 3321 1201 3405 quidem
1225 3321 1397 3405 antiquiore
1421 3321 1577 3386 sermonis
1598 3322 1689 3387 latini
1713 3340 1771 3385 usu
1793 3321 2006 3404 pervestiguto
2029 3323 2095 3388 iam

277 3423 392 3487 rectius
424 3423 462 3489 de
492 3424 675 3508 graecismis
702 3424 755 3507 qui
783 3427 931 3490 vocantur
960 3426 1065 3508 potest
1091 3423 1224 3490 iudicari
1246 3444 1302 3490 neo
1332 3424 1436 3503 hodie,
1468 3424 1618 3508 quidquid
1648 3423 1844 3489 aoommuui
1873 3425 2094 3492 consuetudins

276 3526 429 3590 sermonis
451 3527 544 3593 latini
567 3529 735 3594 abhorrere
760 3531 793 3593 et
813 3528 940 3613 linguae
961 3545 1092 3611 graecae
1115 3526 1219 3594 simile
1235 3527 1356 3612 ridetur
1380 3545 1458 3602 esse.
1483 3528 1643 3594 oGraecis
1665 3526 1827 3609 repetitur.
1860 3525 1991 3592 Constat
2007 3528 2092 3594 enirn

276 3629 416 3710 singulas
439 3631 567 3713 quidem
589 3651 682 3698 voces
705 3631 796 3698 facile
820 3631 948 3696 admitti
971 3650 1008 3695 er
1031 3631 1136 3698 alisna
1156 3631 1266 3714 lingua
1287 3631 1414 3715 petitas,
1437 3632 1494 3696 sod
1518 3631 1617 3695 multo
1635 3628 1798 3694 difficilius
1820 3629 1974 3694 sermonis
1997 3632 2091 3711 patrii

276 3731 397 3816 legibus
429 3733 606 3801 immutatis
633 3736 800 3802 verborum
828 3735 1077 3800 constmotiones
1107 3733 1147 3799 ad
1177 3735 1350 3801 orationem
1381 3734 1582 3817 peregrinam
1612 3731 1843 3816 conformarii).
1895 3732 1994 3812 Quare
2021 3733 2091 3804 Eur.

274 3833 511 3919 Hoffmannus⁴)
528 3857 715 3922 quamquam
732 3837 828 3921 paulo
845 3837 950 3902 durius
965 3856 1024 3902 neo
1038 3840 1146 3902 tamen
1161 3856 1287 3921 prorsus
1302 3837 1406 3920 inique
1430 3836 1468 3902 de
1491 3837 1685 3921 graecismis:
1714 3837 1806 3902 ›Wer
1821 3854 1876 3902 ror
1899 3835 1969 3902 dem
1985 3837 2092 3920 copto,

277 3939 332 4002 der
355 3938 411 4003 der
425 3939 546 4021 Ellipse
569 3942 765 4026 nachgorade
790 3941 940 4024 anhangt
964 3939 1250 4019 zurdckschmolrte,
1274 3940 1330 4005 der
1345 3940 1493 4006 drichtets
1515 3959 1587 4004 zum
1603 3939 1793 4019 Gricismus
1817 3939 1873 4005 der
1894 3942 1976 4005 trotz
1991 3940 2094 4006 seiner

277 4041 595 4109 wissenschaltlichen
618 4043 876 4128 dammergestalt
897 4045 977 4109 noch
1001 4043 1114 4109 immer
1136 4044 1183 4110 als
1206 4043 1383 4110 allbereitsr
1405 4044 1568 4109 Notrettor
1590 4042 1660 4126 giu,
1683 4062 1726 4107 uo
1747 4042 1877 4125 Jemand
1899 4043 1967 4108 sein
1982 4043 2093 4110 Latein

276 4147 437 4228 ausgeht.«
467 4147 511 4214 At
526 4166 598 4213 uero
614 4151 722 4230 poetas
744 4165 887 4213 romanos
902 4148 1022 4213 maiore
1044 4145 1174 4214 licentia
1196 4149 1228 4212 in
1244 4145 1468 4230 coniungendis
1483 4147 1565 4211 inter
1585 4166 1617 4211 se
1631 4145 1790 4211 vocabulis
1805 4147 2093 4230 sententiammque

275 4249 415 4332 partibus
437 4270 509 4316 usos
533 4250 656 4317 dicendi
679 4250 832 4317 rationem
856 4251 895 4315 ad
918 4251 1105 4318 Graeoomm
1129 4250 1385 4318 consuetudinem
1408 4249 1618 4316 conformasse
1639 4249 1705 4315 iure
1732 4248 1941 4330 Schtfierum)
1956 4249 2095 4314 affirmat

275 4371 408 4436 uereque
431 4354 468 4420 de
491 4355 675 4436 graecismis
698 4356 776 4420 haec
799 4354 935 4420 iudicat:
967 4354 1024 4420 »8ο
1046 4371 1136 4438 gross
1158 4353 1237 4419 auch
1261 4355 1312 4420 die
1335 4354 1410 4418 Zahl
1435 4353 1620 4437 dorjenigon
1635 4353 1757 4418 Stellen
1780 4353 1833 4432 ist,
1857 4353 1908 4417 die
1932 4351 2000 4418 sich
2015 4371 2094 4418 zuar

434 4527 452 4594 ¹)
470 4527 606 4597 Marburgi
625 4525 782 4583 Chattomm
801 4542 824 4580 a.
845 4527 913 4578 1878
931 4525 981 4590 ed,
999 4525 1044 4580 ubi
1063 4527 1122 4580 vids
1140 4544 1167 4596 p.
1185 4527 1229 4583 9τ1.

430 4613 451 4679 ²)
468 4611 501 4667 ln
519 4629 679 4684 programm.
698 4629 787 4683 gymn.
806 4613 889 4682 lglav.
908 4613 1038 4682 inscript:
1058 4613 1123 4666 »Dio
1142 4617 1325 4682 sogensnntsn
1339 4609 1497 4667 Grioismen
1515 4611 1551 4676 irp
1566 4609 1718 4665 Gebrsuohe
1737 4609 1784 4664 des
1802 4610 1850 4664 lat.
1870 4609 1961 4676 hcc«,
1979 4625 2003 4665 s.
2019 4613 2087 4666 1879

275 4699 315 4752 cd.
336 4699 390 4764 (ubi
408 4716 432 4753 r.
450 4716 476 4769 p.
497 4699 548 4766 19).

431 4785 452 4853 ³)
471 4785 523 4842 Cir.
537 4787 647 4841 Kilbleri
664 4802 754 4857 progr.
766 4787 856 4844 insere
871 4786 927 4840 »ue
944 4787 991 4841 inl.
1005 4786 1074 4859 apud
1087 4787 1229 4841 Romanor.
1241 4793 1334 4857 poetes
1351 4786 1480 4840 anomin.
1498 4785 1596 4840 adieot.
1608 4790 1698 4855 epto«,
1713 4785 1832 4840 Berolini
1851 4801 1874 4839 a.
1888 4784 1956 4836 1861
1970 4782 2011 4838 ed.
2026 4799 2052 4854 p.
2065 4785 2091 4837 4.

430 4869 452 4939 ⁴)
470 4889 497 4942 p.
514 4875 565 4926 815
585 4871 820 4928 commentationis
838 4873 889 4927 vol.
907 4872 968 4927 clx
990 4873 1107 4928 insertae
1131 4889 1192 4927 ann.
1216 4873 1304 4928 insen:
1333 4871 1422 4926 »Neue
1440 4871 1531 4927 Jahrb.
1556 4869 1573 4924 1.
1593 4870 1691 4928 Philol.
1718 4887 1742 4924 n.
1760 4869 1876 4938 Ptdag«

430 4960 452 5026 ⁶)
472 4961 533 5028 pl
557 4960 763 5029 programmatis
789 4975 880 5030 gymn.
906 4959 1038 5028 ‚imberg.‚
1061 4960 1104 5012 cui
1131 4967 1173 5014 est
1197 4959 1309 5013 titulus:
1338 4959 1405 5012 »Die
1427 4963 1614 5028 sogonannten
1641 4957 1760 5028 syntalrt.
1788 4957 1943 5011 Gricismen
1967 4955 2009 5010 bsi
2036 4955 2089 5009 den

276 5049 380 5110 august.
403 5043 559 5113 Dichtern‹‚
578 5061 601 5099 a.
623 5046 689 5098 1884
707 5044 758 5110 ed„
776 5045 845 5114 quod
864 5061 931 5116 opus
950 5044 1156 5113 diligentissimo
1175 5046 1355 5114 conscriptum
1374 5045 1432 5098 iuro
1450 5043 1571 5099 laudarit
1590 5041 1623 5097 H.
1642 5043 1778 5098 Zicmoms
1797 5043 1872 5110 (ann.
1889 5042 1980 5097 inscrs
2000 5041 2090 5096 »Zoit-

275 5128 371 5182 schrift
389 5128 408 5180 s.
428 5127 453 5181 d.
473 5129 722 5199 Gymnas-wesen«
741 5148 765 5186 a.
786 5133 852 5184 1886
871 5149 898 5202 p.
916 5133 949 5184 23
969 5131 1045 5202 sqq).
