4688 5776
1067 401 1380 492 ..ὂ-ς

223 585 332 666 'quos
362 583 467 649 Livius
497 584 529 648 et
561 583 615 648 alii
643 581 798 666 pedestris
816 575 982 652 'orationis
1014 587 1185 669 scriptores
1217 587 1317 652 secuti
1348 589 1427 655 sunt.
1474 590 1509 653 In
1540 586 1716 670 partiendis
1746 589 1779 652 et
1808 587 1992 654 deliniendis
2021 586 2071 652 his

251 687 437 752 accusativis
465 706 582 772 magna
611 706 646 752 err
676 689 767 770 parte
796 688 1017 754 Schroeterum
1030 689 1055 772 ¹)
1082 709 1205 774 sequor,
1237 690 1286 755 cui
1310 689 1523 774 nraegerusr)
1547 693 1580 755 et
1603 688 1804 774 Kthnerus³)
1829 690 2068 773 adstipulantur.

251 789 490 871 Sclrroetems⁴l
520 792 625 855 autem
656 789 734 856 haec
764 790 873 856 docet:
911 793 1024 858 ›Diese
1055 793 1115 858 mit
1144 794 1246 858 einem
1269 794 1430 858 Passivnm
1460 793 1679 858 verbundenen
1702 794 1890 859 Accusative
1920 791 1992 858 sind
2022 794 2069 858 als

251 893 339 958 reine
363 890 588 973 Objtktskasus
611 893 814 971 aulunlamen,
838 895 998 980 abhtngig
1020 914 1081 961 von
1104 894 1177 960 darn
1200 897 1316 961 mediol
1341 897 1554 979 gebrauchten
1569 897 1706 962 Verbum
1715 896 1753 980 ⁵),
1778 897 1833 962 das
1856 898 1937 962 trote
1961 895 2066 962 seiner

251 995 397 1079 passiven
419 997 513 1063 Form
538 997 588 1062 die
611 997 776 1063 transitive
799 999 986 1082 Bodeutung
1008 999 1209 1065 beibehalten
1232 999 1355 1082 hatti)

408 1187 435 1235 a.
461 1170 663 1234 accusativus
686 1188 757 1234 cnm
782 1171 909 1253 passivo
932 1189 1046 1254 genere
1069 1173 1235 1238 verberum
1258 1171 1431 1239 induendi
1453 1173 1504 1237 vel
1528 1171 1685 1240 exuendi
1708 1171 1892 1238 coniunctus
1915 1173 1958 1255 id,
1987 1171 2068 1255 quod

250 1271 419 1338 induitur
441 1274 488 1338 vel
512 1273 672 1356 exuitur,
697 1273 864 1356 significat.

407 1375 511 1442 Unum
523 1375 626 1442 Valeri
639 1377 818 1460 exemplum
830 1379 932 1444 exstat
944 1380 985 1443 IV
1001 1379 1043 1444 92
1056 1380 1172 1463 sqq.⁷):
1189 1378 1481 1446 Sol-multifidum
1498 1378 1588 1444 iubar
1603 1380 1635 1442 et
1651 1378 1776 1444 bisseno
1788 1379 1890 1444 sidere
1902 1382 2067 1445 tertam-

250 1479 379 1544 loricam
402 1479 550 1558 induitur,
574 1480 594 1546 i.
621 1499 646 1545 e.
671 1480 775 1545 induit
798 1480 938 1548 loricam.
982 1483 1188 1549 Schroeterus
1197 1483 1223 1566 ⁸)
1247 1482 1315 1548 iure
1342 1480 1450 1548 laudat
1478 1481 1597 1546 similia
1626 1481 1813 1548 Graecomm
1844 1483 1938 1548 verba
1966 1481 2069 1546 media

249 1581 429 1660 δι’σασθαι,
452 1582 628 1661 ἕσσασθαι,
651 1584 901 1673 περιτίθεσθαι.
935 1585 997 1650 Hic
1020 1586 1173 1651 afferendi
1190 1588 1260 1651 sunt
1276 1588 1424 1670 quattuor
1437 1585 1510 1662 loci,
1527 1584 1638 1668 quibus
1653 1585 1795 1652 Valerius
1811 1585 1862 1650 via
1877 1586 1917 1651 ad
1933 1584 2067 1650 novandi

250 1684 412 1750 licentiam
444 1686 566 1750 munita
596 1686 800 1753 audacissime
831 1706 1013 1771 progressus
1036 1689 1377 1774 participiaecpresso
1400 1689 1576 1753 eteoclem
1599 1707 1668 1754 curn
1691 1690 1866 1755 accusativo
1891 1689 2066 1772 coniungit.

250 1788 325 1853 Loci
349 1791 456 1854 snntl
481 1790 543 1856 398
566 1809 630 1873 sq:
654 1810 742 1856 casus
764 1794 835 1857 tues
859 1809 1016 1873 expressa,
1038 1791 1334 1868 Phalera-arma
1355 1793 1450 1876 geris,
1474 1792 1494 1858 i.
1513 1810 1538 1859 e.
1556 1811 1644 1857 arma
1658 1811 1747 1858 casus
1760 1796 1832 1859 tuos
1849 1793 2066 1875 exprimentia.

250 1894 339 1959 Idem
375 1895 502 1960 verbum
542 1913 759 1976 ›expressum‹
796 1895 867 1960 vide
898 1896 929 1959 Il
961 1895 1025 1960 653
1047 1915 1107 1980 sq:
1138 1914 1234 1960 aurea
1262 1897 1453 1979 gestant-
1475 1895 1585 1977 pocula
1617 1894 1771 1960 bellorum
1801 1912 1888 1960 casus
1923 1913 2068 1978 expressa

250 2000 420 2064 recentum.
478 1998 635 2064 Similiter
671 1997 788 2082 legitur
810 1999 929 2063 1402:
962 2001 1031 2063 tum
1054 1999 1176 2064 caelata
1198 1999 1300 2063 metus
1329 1998 1407 2062 alios
1436 1997 1520 2080 gerit
1550 2017 1636 2064 arma
1669 1997 1825 2064 Eribotes.
1871 1997 1979 2064 V153
2003 2018 2067 2083 sq:

250 2101 371 2167 caelata
394 2103 562 2185 gestat-
584 2102 727 2186 tegmina
749 2101 901 2183 dispersos
924 2101 1039 2167 trifidis
1063 2103 1226 2167 ardoribus
1249 2101 1351 2186 ignes.

406 2276 434 2341 b.
458 2273 662 2340 aecusativus
684 2273 845 2356 corporis
867 2277 1007 2356 partem
1031 2274 1081 2340 vel
1103 2274 1223 2357 aliquid
1245 2273 1350 2340 simile
1374 2277 1423 2357 (ut
1441 2270 1599 2340 ›vultum‹
1627 2274 1659 2338 et
1685 2273 1879 2354 »animumcl
1895 2273 2064 2356 significat.

247 2379 334 2444 Bene
359 2377 562 2462 Kr'rhnemsl)
587 2378 635 2443 his
664 2376 701 2443 de
732 2379 852 2443 verbis:
885 2375 964 2441 »Die
987 2377 1208 2444 Refieriviorm
1232 2377 1414 2444 bezeichnet
1436 2377 1505 2442 eine
1528 2375 1911 2461 Thatiglreitsausserung‚
1935 2377 1985 2442 die
2009 2376 2065 2442 das

249 2482 384 2564 Snbjekt
407 2501 446 2546 an
469 2482 585 2548 seinern
609 2482 742 2566 eigenen
765 2482 888 2564 Korper
910 2481 1000 2566 (oder
1024 2501 1064 2546 an
1087 2483 1191 2547 einem
1216 2482 1350 2566 Objelrte
1374 2482 1478 2546 seiner
1501 2480 1632 2563 Sphtre)
1655 2479 1854 2563 vollbringt.‹

795 2667 1518 2776 mmmmmmmmmmmmd

725 2811 861 2877 Verba
891 2810 1073 2888 velandi,
1106 2809 1282 2874 nudandi
1311 2809 1595 2891 similiumque.

405 2930 563 2993 redimiri:
597 2931 716 2998 1218:
751 2931 912 2997 redimitus
944 2933 1086 3012 tempora
1117 2931 1215 3009 vittis,
1246 2931 1267 2998 i.
1291 2950 1316 2997 e.
1342 2930 1394 3013 qui
1417 2933 1561 3013 tempora
1590 2929 1680 2993 vittis
1710 2927 1905 3006 redimerat,
1935 2929 1994 3007 vel,
2027 2929 2063 2993 ut

248 3034 414 3098 vernaculo
436 3035 545 3116 lingua
567 3036 650 3100 utar:
676 3036 731 3100 der
753 3034 822 3100 siclr
844 3035 895 3100 die
919 3033 1068 3099 Schlaien
1090 3035 1150 3099 mit
1171 3033 1295 3099 Binden
1316 3033 1502 3099 umwunden
1525 3030 1645 3098 hatte·

248 3237 302 3290 iarn
320 3243 384 3292 ante
402 3254 500 3292 annum
521 3241 589 3292 1870
607 3239 664 3308 (cir.
683 3245 739 3294 not.
752 3257 777 3309 p.
789 3239 817 3307 4)
836 3239 967 3310 scriptum
984 3257 1042 3296 esse
1060 3239 1191 3304 videatur,
1211 3255 1264 3294 non
1283 3238 1366 3293 miror
1382 3238 1594 3293 coniecturarum
1607 3237 1753 3293 Baehrensi
1766 3237 1932 3305 aliorumque
1945 3236 2062 3290 viromm

248 3324 395 3391 doctorum,
423 3327 520 3396 quibus
547 3329 684 3399 complura
710 3328 832 3398 exempla
857 3327 891 3382 ab
910 3327 1106 3397 Engclhardtio
1133 3325 1242 3380 laudata
1265 3326 1322 3382 sine
1340 3325 1422 3380 dubio
1440 3324 1548 3380 sublata
1566 3329 1637 3390 aunt,
1665 3339 1796 3392 nusquam
1814 3323 1977 3378 mentionem
1995 3323 2061 3377 fieri.

247 3409 333 3476 Quem
360 3413 446 3468 virum
473 3414 581 3469 doctum
608 3415 637 3468 in
664 3413 839 3483 disponendis
861 3413 947 3469 verbis
966 3413 1106 3468 Lehraium
1124 3417 1246 3467 secutum
1264 3428 1321 3468 asse
1340 3411 1491 3466 Schtflems
1509 3410 1538 3478 (1.
1557 3410 1577 3464 l.
1595 3428 1620 3479 p.
1641 3409 1685 3478 10)
1701 3409 1757 3463 iure
1776 3409 1905 3478 queritur.
1940 3407 2060 3463 Eundem

247 3496 327 3566 Eup,
354 3499 425 3568 quod
452 3500 632 3555 accusativum
656 3516 673 3554 a
699 3500 804 3569 passivo
830 3499 907 3555 verbo
926 3501 1004 3554 finito
1022 3505 1115 3570 aptum
1132 3499 1239 3566 linguae
1257 3514 1313 3553 essa
1331 3497 1522 3552 distortionem
1540 3502 1567 3550 et
1585 3496 1802 3565 depravationem
1820 3493 1931 3561 dixerat,
1948 3494 2061 3563 Pigerus

247 3581 276 3650 (l.
295 3582 313 3637 l.
332 3601 358 3654 p.
378 3585 421 3648 45)
440 3601 493 3640 non
511 3587 616 3652 iniuria,
644 3586 690 3642 sed
708 3587 790 3641 nimis
807 3586 932 3654 gravibus
951 3585 1039 3640 verbis
1057 3585 1226 3655 perstrinxit.
1262 3583 1334 3649 Quae
1352 3600 1413 3639 cum
1428 3584 1471 3658 'ita
1489 3582 1553 3648 sint,
1579 3597 1631 3635 non
1649 3581 1746 3635 inutile
1763 3580 1869 3635 videtur
1887 3595 1943 3636 esse
1962 3581 2061 3635 iterum

245 3667 280 3722 de
297 3668 341 3724 his
360 3670 444 3725 verbis
462 3671 603 3741 disputari.

405 3757 425 3826 ¹)
442 3758 533 3826 Progr.
552 3775 643 3828 gymn.
661 3757 770 3826 Glogav.
788 3760 882 3813 insen:
902 3757 973 3810 »Der
993 3757 1087 3811 Accua.
1107 3757 1175 3811 nach
1193 3757 1289 3825 passiv.
1310 3756 1386 3810 Verb.
1405 3757 1434 3810 in
1452 3755 1500 3810 der
1517 3755 1565 3809 lat.
1584 3752 1833 3824 Dichtersprache‹,
1856 3769 1879 3807 a.
1899 3754 1967 3806 1870
1985 3751 2026 3806 ed.

403 3843 424 3910 ²)
443 3843 460 3896 l.
479 3844 498 3898 l.
517 3845 568 3898 vol.
587 3845 600 3896 I
618 3862 644 3914 p.
663 3845 713 3897 363
733 3861 792 3914 sqq.

402 3929 423 3996 ³)
442 3929 558 3984 Granum.
576 3931 623 3987 lat.
642 3932 693 3986 vol.
712 3929 739 3984 ll
757 3948 782 4000 p.
801 3933 852 3983 204
870 3945 929 3998 sqq.

402 4015 583 4086 Sllpd

401 4105 423 4170 ⁵)
442 4101 498 4158 Cir.
511 4103 524 4154 Ι
537 4104 603 4156 252:
621 4103 697 4157 molli
714 4103 822 4159 iuvenes
840 4102 989 4158 funduntur
1006 4103 1035 4156 in
1053 4103 1124 4172 alga,
1143 4103 1161 4157 i.
1175 4120 1206 4168 α,
1225 4107 1255 4156 ut
1273 4118 1322 4157 nos
1340 4101 1468 4158 dicimus:
1487 4102 1611 4158 streclren
1623 4100 1681 4156 sich
1694 4099 1792 4154 nieder.
1812 4097 1944 4153 Similiter
1957 4092 2058 4148 dictum

245 4195 289 4244 est
307 4189 344 4244 111
362 4191 426 4244 339:
445 4191 584 4259 graminea
603 4196 761 4246 stemnntur
776 4191 866 4246 humo.
892 4191 959 4245 VllI
972 4191 1035 4244 ata:
1053 4190 1081 4243 in
1101 4189 1142 4243 sni
1162 4193 1318 4246 sternuntur
1328 4181 1441 4242 'velleris
1458 4204 1530 4242 auro.
1558 4188 1611 4242 Vll
1626 4188 1689 4242 158:
1707 4185 1822 4249 tollitur,
1841 4184 1859 4238 i.
1872 4198 1894 4238 e.
1912 4179 1976 4234 hebt
1995 4179 2058 4234 sich.
2113 4220 2116 4224 .

401 4275 423 4344 ⁴)
442 4277 576 4331 Similiter
593 4275 741 4331 Schtflerus
768 4277 831 4344 (1.1.
851 4295 876 4347 p.
894 4279 921 4342 9)
948 4276 1066 4330 iudicat:
1098 4275 1166 4329 »Ein
1186 4290 1293 4342 grosser
1309 4274 1419 4341 Mangel
1437 4273 1484 4328 der
1500 4273 1676 4328 lateinischan
1695 4271 1811 4341 Sprache
1829 4271 1867 4324 ist
1885 4267 1933 4322 das
1960 4266 2061 4321 Fenlen

246 4361 294 4416 des
311 4360 380 4418 Part.
393 4362 459 4432 perf.
473 4369 523 4417 act.
549 4363 635 4417 Einen
648 4363 742 4418 Srsatz
761 4361 848 4418 hieru
865 4363 949 4418 bietet
966 4363 1158 4432 voraugavveise
1176 4360 1220 4415 die
1235 4358 1459 4430 Dichteraprache
1477 4358 1531 4412 und
1549 4358 1691 4412 vereinnelt
1709 4356 1777 4411 auch
1796 4355 1838 4410 die
1857 4354 1949 4419 Prusa,
1967 4351 2059 4406 indern

245 4449 286 4502 aie
304 4448 379 4502 nicht
398 4449 485 4504 salton
504 4450 604 4504 sovrohl
623 4448 671 4504 dae
690 4448 803 4503 Verbum
822 4449 930 4504 linitum
950 4449 990 4502 ala
1007 4448 1196 4504 insbeaonders
1213 4446 1262 4502 das
1278 4446 1350 4501 Part.
1362 4443 1428 4515 peri.
1441 4461 1510 4514 paee.
1529 4444 1580 4498 mit
1598 4443 1725 4498 medialer
1736 4441 1897 4509 Bedeutung
1911 4438 2059 4509 gebraueht

247 4534 302 4589 und
321 4535 402 4589 sumit
419 4535 487 4589 auch
506 4537 556 4590 mit
574 4537 659 4590 einern
678 4535 924 4604 Objelrtsaccuaativ
941 4535 1106 4590 verbindet.‹

401 4623 421 4689 ¹)
441 4622 474 4675 in
493 4621 656 4677 adnotandis
674 4621 764 4676 Valeri
783 4621 848 4675 loeis
867 4621 1012 4676 Baehrensi
1030 4620 1149 4675 aditione
1167 4637 1231 4674 usus
1250 4635 1318 4684 sum,
1337 4633 1415 4685 quem
1434 4617 1466 4671 de
1484 4617 1572 4672 Valeri
1591 4615 1714 4686 plurimis
1731 4613 1799 4668 locis
1816 4613 1919 4682 optima
1932 4611 2056 4666 meritum

244 4723 303 4761 esse
321 4708 498 4764 libentissime
516 4709 643 4764 concedo.
678 4707 773 4775 Neque
791 4708 889 4762 iniuria
906 4707 1058 4763 Bonnetius
1075 4707 1146 4773 (aun.
1164 4706 1260 4760 inser:
1289 4703 1392 4757 »Berua
1416 4703 1546 4768 critique«
1574 4718 1598 4756 a.
1626 4701 1693 4752 1376
1711 4716 1738 4768 p.
1756 4699 1782 4766 9)
1814 4697 1857 4753 hia
1884 4696 1971 4752 uerbis
2000 4711 2060 4750 eum

246 4793 353 4849 laudat:
373 4794 432 4851 »On
449 4812 482 4850 ne
499 4801 564 4866 peut
582 4795 742 4864 s'crnpecher
759 4792 900 4848 d'admirer
917 4794 941 4847 le
959 4793 1049 4848 talant
1065 4792 1197 4845 vrairnent
1215 4788 1409 4856 remarqnable,
1427 4788 1455 4841 la
1473 4785 1612 4842 virtuosite
1631 4784 1663 4838 de
1682 4785 1717 4838 M.
1736 4785 1767 4838 Β.
1780 4799 1846 4854 pour
1857 4783 1886 4838 la
1897 4783 2059 4838 coniectura.

247 4878 272 4931 ll
291 4895 307 4932 a
323 4880 348 4934 le
365 4880 419 4936 don
441 4881 474 4936 dc
491 4888 600 4937 trouver
618 4897 660 4935 cea
679 4880 843 4935 corrections
860 4880 906 4946 qui
923 4879 1042 4948 pleisent
1061 4877 1076 4930 a
1094 4877 1222 4946 premiere
1239 4891 1296 4941 rue,
1315 4875 1363 4942 qui
1380 4874 1526 4938 seduisent,
1545 4889 1573 4926 ae
1591 4870 1771 4941 rapprochant
1789 4870 1806 4926 1
1822 4870 1850 4925 la
1868 4868 1920 4924 loia
1938 4868 1974 4922 du
1986 4871 2060 4922 texte

245 4969 402 5033 manuscrit,
420 4968 519 5022 faisant
538 4967 710 5038 comprendre
726 4967 837 5020 l'errenr
852 4965 888 5020 dn
908 4965 1018 5034 copiste,
1037 4969 1064 5016 et
1082 4963 1180 5017 offrcnt
1197 4979 1233 5016 un
1252 4977 1312 5016 sens
1330 4960 1503 5015 convenable.
1539 4957 1575 5012 Et
1602 4974 1636 5012 en
1660 4957 1722 5011 bien
1745 4956 1792 5012 dea
1816 4955 1943 5019 endroits,
1968 4954 2003 5010 M.
2028 4953 2060 5006 Β.

246 5067 314 5106 nous
332 5057 420 5121 parcit
438 5055 511 5107 avoir
528 5053 625 5108 retabli
642 5053 669 5107 la
685 5053 763 5123 leqon
781 5052 956 5119 authentique
974 5065 1036 5104 avec
1055 5048 1195 5114 certitudo,
1214 5065 1248 5102 en
1265 5047 1401 5118 beaucoup
1419 5046 1534 5102 d'autrus
1552 5059 1614 5099 avec
1631 5060 1683 5098 une
1700 5043 1780 5098 haute
1798 5041 2029 5098 vraisemblance.‹

402 5137 604 5208 qmpm
663 5138 998 5218 mrmnfflm
